@article{axonal,
  title={Axonal regrowth after spinal cord transection in adult zebrafish},
  author={Becker, Thomas and Wullimann, Mario F and Becker, Catherina G and Bernhardt, Robert R and Schachner, Melitta},
  journal={Journal of Comparative Neurology},
  volume={377},
  number={4},
  pages={577--595},
  year={1997},
  publisher={Wiley Online Library}
}

@article{ref:Tsarouchas,
  title={Dynamic control of proinflammatory cytokines Il-1$\beta$ and Tnf-$\alpha$ by macrophages in zebrafish spinal cord regeneration},
  author={Tsarouchas, Themistoklis M and Wehner, Daniel and Cavone, Leonardo and Munir, Tahimina and Keatinge, Marcus and Lambertus, Marvin and Underhill, Anna and Barrett, Thomas and Kassapis, Elias and Ogryzko, Nikolay and others},
  journal={Nature communications},
  volume={9},
  number={1},
  pages={1--17},
  year={2018},
  publisher={Nature Publishing Group}
}

@article{Anderson,
  title={Computational modeling of cytokine signaling in microglia},
  author={Anderson, Warren D and Makadia, Hirenkumar K and Greenhalgh, Andrew D and Schwaber, James S and David, Samuel and Vadigepalli, Rajanikanth},
  journal={Molecular BioSystems},
  volume={11},
  number={12},
  pages={3332--3346},
  year={2015},
  publisher={Royal Society of Chemistry}
}

@article{ref:pyabc,
  title={pyABC: distributed, likelihood-free inference},
  author={Klinger, Emmanuel and Rickert, Dennis and Hasenauer, Jan},
  journal={Bioinformatics},
  volume={34},
  number={20},
  pages={3591--3593},
  year={2018},
  publisher={Oxford University Press}
}

@article{ref:kernel,
  title={On optimality of kernels for approximate Bayesian computation using sequential Monte Carlo},
  author={Filippi, Sarah and Barnes, Chris P and Cornebise, Julien and Stumpf, Michael PH},
  journal={Statistical applications in genetics and molecular biology},
  volume={12},
  number={1},
  pages={87--107},
  year={2013},
  publisher={De Gruyter}
}

@article{ref:abcsysbio,
  title={A framework for parameter estimation and model selection from experimental data in systems biology using approximate Bayesian computation},
  author={Liepe, Juliane and Kirk, Paul and Filippi, Sarah and Toni, Tina and Barnes, Chris P and Stumpf, Michael PH},
  journal={Nature protocols},
  volume={9},
  number={2},
  pages={439--456},
  year={2014},
  publisher={Nature Publishing Group}
}

@article{ref:MCMC,
  title={Markov Chain Monte Carlo in Practice Chapman \& Hall: London},
  author={Gilks, WR and Richardson, S and Spiegelhalter, DJ},
  journal={Markov Chain Monte Carlo in practice. Chapman and Hall, London.},
  year={1996}
}

@article{ABC_rejection,
  title={Inferring coalescence times from DNA sequence data},
  author={Tavar{\'e}, Simon and Balding, David J and Griffiths, Robert C and Donnelly, Peter},
  journal={Genetics},
  volume={145},
  number={2},
  pages={505--518},
  year={1997},
  publisher={Genetics Soc America}
}

@article{summaryD,
  title={Approximately sufficient statistics and Bayesian computation},
  author={Joyce, Paul and Marjoram, Paul},
  journal={Statistical applications in genetics and molecular biology},
  volume={7},
  number={1},
  year={2008},
  publisher={De Gruyter}
}

@article{summaryD2,
  title={On optimal selection of summary statistics for approximate Bayesian computation},
  author={Nunes, Matthew A and Balding, David J},
  journal={Statistical applications in genetics and molecular biology},
  volume={9},
  number={1},
  year={2010},
  publisher={De Gruyter}
}

@article{threshold,
  title={Optimizing threshold-schedules for approximate Bayesian computation sequential Monte Carlo samplers: applications to molecular systems},
  author={Silk, Daniel and Filippi, Saran and Stumpf, Michael PH},
  journal={arXiv preprint arXiv:1210.3296},
  year={2012}
}

@inproceedings{population,
  title={A scheme for adaptive selection of population sizes in approximate Bayesian computation-sequential Monte Carlo},
  author={Klinger, Emmanuel and Hasenauer, Jan},
  booktitle={International Conference on Computational Methods in Systems Biology},
  pages={128--144},
  year={2017},
  organization={Springer}
}

@article{model_compare,
  title={Simulation-based model selection for dynamical systems in systems and population biology},
  author={Toni, Tina and Stumpf, Michael PH},
  journal={Bioinformatics},
  volume={26},
  number={1},
  pages={104--110},
  year={2010},
  publisher={Oxford University Press}
}

@article{cosmology,
  title={Likelihood-free cosmological inference with type Ia supernovae: approximate Bayesian computation for a complete treatment of uncertainty},
  author={Weyant, Anja and Schafer, Chad and Wood-Vasey, W Michael},
  journal={The Astrophysical Journal},
  volume={764},
  number={2},
  pages={116},
  year={2013},
  publisher={IOP Publishing}
}

@article{ref:compare,
  title={Comparing two sequential Monte Carlo samplers for exact and approximate Bayesian inference on biological models},
  author={Daly, Aidan C and Cooper, Jonathan and Gavaghan, David J and Holmes, Chris},
  journal={Journal of The Royal Society Interface},
  volume={14},
  number={134},
  pages={20170340},
  year={2017},
  publisher={The Royal Society}
}

@article{ref:disease,
  title={Approximate Bayesian Computation for infectious disease modelling},
  author={Minter, Amanda and Retkute, Renata},
  journal={Epidemics},
  volume={29},
  pages={100368},
  year={2019},
  publisher={Elsevier}
}

@article{ref:adpt_dis,
  title={Adapting the ABC distance function},
  author={Prangle, Dennis and others},
  journal={Bayesian Analysis},
  volume={12},
  number={1},
  pages={289--309},
  year={2017},
  publisher={International Society for Bayesian Analysis}
}

@article{Toni,
  title={Approximate Bayesian computation scheme for parameter inference and model selection in dynamical systems},
  author={Toni, Tina and Welch, David and Strelkowa, Natalja and Ipsen, Andreas and Stumpf, Michael PH},
  journal={Journal of the Royal Society Interface},
  volume={6},
  number={31},
  pages={187--202},
  year={2009},
  publisher={The Royal Society London}
}

@article{sensitivity,
  title={Universally sloppy parameter sensitivities in systems biology models},
  author={Gutenkunst, Ryan N and Waterfall, Joshua J and Casey, Fergal P and Brown, Kevin S and Myers, Christopher R and Sethna, James P},
  journal={PLoS Comput Biol},
  volume={3},
  number={10},
  pages={e189},
  year={2007},
  publisher={Public Library of Science}
}

@article{dormand1980family,
  title={A family of embedded Runge-Kutta formulae},
  author={Dormand, John R and Prince, Peter J},
  journal={Journal of computational and applied mathematics},
  volume={6},
  number={1},
  pages={19--26},
  year={1980},
  publisher={Elsevier}
}